<?xml version="1.0" encoding="UTF-8"?><collection><record><leader>06927ntm a2200661 a 4500</leader><controlfield tag="001">006803687</controlfield><controlfield tag="003">MiAaHDL</controlfield><controlfield tag="005">20190719000000.0</controlfield><controlfield tag="006">m        d        </controlfield><controlfield tag="007">cr bn ---auaua</controlfield><controlfield tag="008">090527s1550    is            00| ||ara d</controlfield><datafield tag="035" ind1=" " ind2=" "><subfield code="a">(MiU)006803687</subfield></datafield><datafield tag="035" ind1=" " ind2=" "><subfield code="a">sdr-miu006803687</subfield></datafield><datafield tag="040" ind1=" " ind2=" "><subfield code="a">MiU</subfield><subfield code="c">MiU</subfield><subfield code="e">amremm</subfield></datafield><datafield tag="043" ind1=" " ind2=" "><subfield code="a">n-us-mi</subfield><subfield code="a">a-is---</subfield></datafield><datafield tag="100" ind1="1" ind2=" "><subfield code="6">880-01</subfield><subfield code="a">Qāḍī Khān, al-Ḥasan ibn Manṣūr al-Ūzjandī al-Farghānī,</subfield><subfield code="d">-1196.</subfield></datafield><datafield tag="240" ind1="1" ind2="0"><subfield code="6">880-02</subfield><subfield code="a">Fatāwá Qāḍī Khān.</subfield><subfield code="n">mujallad 2</subfield></datafield><datafield tag="245" ind1="1" ind2="3"><subfield code="6">880-03</subfield><subfield code="a">al-Mujallad al-thānī min Kitāb Qāḍīkhān,</subfield><subfield code="f">[957, i.e. 1550].</subfield></datafield><datafield tag="246" ind1="3" ind2=" "><subfield code="i">Title from colophon on p.575:</subfield><subfield code="a">جزء الثاني من كتاب قاضي خان</subfield></datafield><datafield tag="246" ind1="3" ind2=" "><subfield code="i">Title from inscription on front flyleaf (p.1):</subfield><subfield code="a">فتاوى قاضيخان 2</subfield></datafield><datafield tag="260" ind1=" " ind2=" "><subfield code="a">[Ramlah?,</subfield><subfield code="c">1550].</subfield></datafield><datafield tag="300" ind1=" " ind2=" "><subfield code="a">286 leaves :</subfield><subfield code="b">paper ;</subfield><subfield code="c">277 x 190 (210 x 135) mm.</subfield></datafield><datafield tag="500" ind1=" " ind2=" "><subfield code="a">Shelfmark: Ann Arbor, University of Michigan, Special Collections Library, Isl. Ms. 562 v.2</subfield></datafield><datafield tag="500" ind1=" " ind2=" "><subfield code="a">Origin: As appears in colophon on pp.575-576, copied by Yūsuf ibn Khiḍr [Khaḍir] ibn Muḥammad al-Bāqānī al-Ḥanbalī with transcription completed in Ṣafar 957 [February-March 1550].</subfield></datafield><datafield tag="500" ind1=" " ind2=" "><subfield code="a">Former shelfmark: From interior of upper cover "IL 264" (likely supplied by Yahuda).</subfield></datafield><datafield tag="500" ind1=" " ind2=" "><subfield code="a">Binding: Pasteboards now covered in red cloth (evidence of tooled and stamped leather beneath) ; Type II binding (with flap) ; pastedowns and flyleaves in brown wove paper ; upper and lower covers carry stamped mandorla under the cloth ; sewn in dark cream thread, two stations ; worked chevron endbands in red and yellow, good condition ; overall in fairly good condition with some staining, abrasion, lifting of cloth at board corners, etc.</subfield></datafield><datafield tag="500" ind1=" " ind2=" "><subfield code="a">Support: non-European (likely Arab) laid paper with 9 laid lines per cm. (horizontal) and chain lines (vertical) grouped in threes with 13-16 mm. between chains and 30-35 mm. between groups (see p.34, etc.) ; sturdy and dense, well-burnished to glossy ; later flyleaves in European laid paper with anchor in circle watermark (visible in back flyleaf).</subfield></datafield><datafield tag="500" ind1=" " ind2=" "><subfield code="a">Decoration: Keywords, section headings, and abbreviation symbols rubricated ; textual dividers in the form of inverted commas in red.</subfield></datafield><datafield tag="500" ind1=" " ind2=" "><subfield code="a">Script: Naskh ; elegant 'Syrian' (Palestinian) hand ; partially but irregularly seriffed with slight effect of tilt to the left, curvilinear descenders (some sweeping), pointing in distinct dots, some free assimilation of letters, etc.</subfield></datafield><datafield tag="500" ind1=" " ind2=" "><subfield code="a">Layout: Written in 29 lines per page ; frame-ruled.</subfield></datafield><datafield tag="500" ind1=" " ind2=" "><subfield code="a">Collation: ii, 28 V(280), III (286), iii ; almost exclusively quinions ; catchwords present (occasionally cut off) ; foliation in black ink, Hindu-Arabic numerals pagination in pencil, Western numerals, supplied during digitization (includes flyleaves).</subfield></datafield><datafield tag="500" ind1=" " ind2=" "><subfield code="a">Colophon: "Scribal," reads "تم الجز الثاني من كتاب قاضي خان على مؤلفه الرحمة والرضوان على يد العبد الفقير الحقير المعترف بالعجز والتقصير راجي رحمة ربه اللطيف الحنين المنان يوسف بن الحاج خضر [؟] بن الحاج محمد الباقاني نسبا والحنبلي مذهبا غفر الله له ولوالديه ولمن قرأ او نظر فيه ودعا له بالمغفرة ولجميع المسلمين ... وذلك في صفر الخير سنة ٩۵۷"</subfield></datafield><datafield tag="500" ind1=" " ind2=" "><subfield code="a">Explicit: "قال ابو القاسم رحمه الله لا يجوز وفقه واذ اذن له القاضي فهما افتيا بصحة الحجر على الحر البالغ كما هو مذهب ابي يوسف ومحمد رحمهما الله والله اعلم بالصواب واليه المرجع والمآب"</subfield></datafield><datafield tag="500" ind1=" " ind2=" "><subfield code="a">Incipit: "كتاب الاجازات فصل في الالفاظ التي تنعقد بها الاجازة وفي تعليق انعقادها بالشرط ..."</subfield></datafield><datafield tag="500" ind1=" " ind2=" "><subfield code="a">Title supplied by cataloguer.</subfield></datafield><datafield tag="500" ind1=" " ind2=" "><subfield code="a">Ms. codex.</subfield></datafield><datafield tag="510" ind1="4" ind2=" "><subfield code="a">Juynboll, T. W. "Ḳāḍī Khān, Fakhr al-Dīn al-Ḥasan b. Manṣūr al-Farghānī." In EI2,</subfield><subfield code="c">vol. IV, p. 377, col. 1</subfield></datafield><datafield tag="510" ind1="4" ind2=" "><subfield code="a">Ḥājjī Khalīfah. Kashf al-ẓunūn,</subfield><subfield code="c">iv 364</subfield></datafield><datafield tag="510" ind1="4" ind2=" "><subfield code="a">Brockelmann, C. GAL,</subfield><subfield code="c">I 376</subfield></datafield><datafield tag="520" ind1="8" ind2=" "><subfield code="a">Second of two volumes constituting a fine copy of Qāḍīkhān's (d.1196) treatise on fiqh, preceded by a table of contents (pp.5-7) ; this volume opening in Kitāb al-Ijāzāt and concluding in Kitāb al-Ḥajr.</subfield></datafield><datafield tag="538" ind1=" " ind2=" "><subfield code="a">Mode of access: Internet.</subfield></datafield><datafield tag="541" ind1=" " ind2=" "><subfield code="a">Acquired in 1926 from the bookseller Isaac Benjamin S.E. Yahuda via purchase transacted on his behalf by Abraham Shalom Yahuda (1877-1951), his younger brother.</subfield></datafield><datafield tag="546" ind1=" " ind2=" "><subfield code="a">Arabic.</subfield></datafield><datafield tag="561" ind1=" " ind2=" "><subfield code="a">Ownership / patronage statement on opening leaf (p.3) in name of Muḥammad ibn Aḥmad, indicating that he had the text copied for him ("بالاستنساخ"), likely in Ramlah (see statement on vol.1 p.5), statement reads "دخل هذا المجلد في نوبة الفقير بالاستنساخ في رملة نمقه احقر عباد الله محمد ابن احمد عفي عنه and is accompanied by scalloped, almond-shaped seal impression (also appearing on p.5), compare statement in volume one [Isl. Ms. 562 v.1] ; collation statement on p.5 "عدد كراريس مجلد قاضيخان ٢٩" ; oval seal impression on p.7 ; partially effaced ownership statement on p.7, likely in name of al-Sayyid al-Ḥājj Ḥasan [Ḥusayn?] Rushdī ibn al-Ḥājj Muḥammad Surūrī (Hacı Hasen [Hüseyin ?] Rüştü bin Hacı Mehmet Sürurî), compare statement in volume one [Isl. Ms. 562 v.1]) ; occasional marginal corrections, glosses and notabilia (side-heads).</subfield></datafield><datafield tag="650" ind1=" " ind2="0"><subfield code="a">Manuscripts, Arabic</subfield><subfield code="z">Michigan</subfield><subfield code="z">Ann Arbor.</subfield></datafield><datafield tag="650" ind1=" " ind2="0"><subfield code="a">Fatwas</subfield><subfield code="v">Early works to 1800.</subfield></datafield><datafield tag="650" ind1=" " ind2="0"><subfield code="a">Islamic law</subfield><subfield code="x">Interpretation and construction</subfield><subfield code="v">Early works to 1800.</subfield></datafield><datafield tag="650" ind1=" " ind2="0"><subfield code="a">Hanafites</subfield><subfield code="v">Early works to 1800.</subfield></datafield><datafield tag="700" ind1="0" ind2=" "><subfield code="6">880-06</subfield><subfield code="a">Hasen Rüştü bin Mehmet Süruri,</subfield><subfield code="e">former owner.</subfield></datafield><datafield tag="700" ind1="0" ind2=" "><subfield code="6">880-05</subfield><subfield code="a">Muḥammad ibn Aḥmad,</subfield><subfield code="d">fl. 1550,</subfield><subfield code="e">patron,</subfield><subfield code="e">former owner.</subfield></datafield><datafield tag="700" ind1="0" ind2=" "><subfield code="6">880-04</subfield><subfield code="a">Yūsuf ibn Khiḍr ibn Muḥammad al-Bāqānī al-Ḥanbalī,</subfield><subfield code="d">fl.1550,</subfield><subfield code="e">scribe.</subfield></datafield><datafield tag="773" ind1="0" ind2=" "><subfield code="a">Yahuda Collection.</subfield></datafield><datafield tag="880" ind1="0" ind2=" "><subfield code="6">700-06/</subfield><subfield code="a">حسن رشدى بن محمد سرورى،</subfield><subfield code="e">مالك سابق.</subfield></datafield><datafield tag="880" ind1="0" ind2=" "><subfield code="6">700-05/</subfield><subfield code="a">محمد بن احمد،</subfield><subfield code="e">راع،</subfield><subfield code="e">مالك سابق.</subfield></datafield><datafield tag="880" ind1="0" ind2=" "><subfield code="6">700-04/</subfield><subfield code="a">يوسف بن خضر بن محمد الباقاني الحنبلي,</subfield><subfield code="e">ناسخ.</subfield></datafield><datafield tag="880" ind1="1" ind2="2"><subfield code="6">245-03/</subfield><subfield code="a">المجلد الثاني من كتاب قاضيخان,</subfield><subfield code="f">[957ه, 1550م].</subfield></datafield><datafield tag="880" ind1="1" ind2="0"><subfield code="6">240-02/</subfield><subfield code="a">فتاوى قاضي خان.</subfield><subfield code="n">مجلد 2</subfield></datafield><datafield tag="880" ind1="1" ind2=" "><subfield code="6">100-01/</subfield><subfield code="a">قاضي خان، الحسن بن منصور الاوزجندي الفرغاني.</subfield></datafield><datafield tag="CID" ind1=" " ind2=" "><subfield code="a">006803687</subfield></datafield><datafield tag="DAT" ind1="0" ind2=" "><subfield code="a">20190719102636.0</subfield><subfield code="b">20190719000000.0</subfield></datafield><datafield tag="DAT" ind1="1" ind2=" "><subfield code="a">20190719090653.0</subfield><subfield code="b">2019-07-19T16:11:33Z</subfield></datafield><datafield tag="DAT" ind1="2" ind2=" "><subfield code="a">2015-10-02T18:00:03Z</subfield></datafield><datafield tag="CAT" ind1=" " ind2=" "><subfield code="a">SDR-MIU</subfield><subfield code="d">EX LIBRIS - ALEPH</subfield><subfield code="l">prepare.pl-004-008</subfield></datafield><datafield tag="FMT" ind1=" " ind2=" "><subfield code="a">BK</subfield></datafield><datafield tag="HOL" ind1=" " ind2=" "><subfield code="0">sdr-miu006803687</subfield><subfield code="a">MiU</subfield><subfield code="b">SDR</subfield><subfield code="c">MIU</subfield><subfield code="p">mdp.39015079126572</subfield><subfield code="s">MIU</subfield><subfield code="1">006803687</subfield></datafield><datafield tag="974" ind1=" " ind2=" "><subfield code="b">MIU</subfield><subfield code="c">MIU</subfield><subfield code="d">20190719</subfield><subfield code="s">lit-dlps-dc</subfield><subfield code="u">mdp.39015079126572</subfield><subfield code="y">1550</subfield><subfield code="r">pd</subfield><subfield code="q">bib</subfield><subfield code="t">non-US bib date1 &lt; 1879</subfield></datafield></record></collection>